@Manual{Data,
  title = {“Climate Change: Earth Surface Temperature Data.”},
  author = {Earth Berkeley},
  organization = {Kaggle},
  year = {1 May, 2017},
  url = {www.kaggle.com/datasets/berkeleyearth/climate-change-earth-surface-temperature-data},
}

@Manual{Slides15,
  title = {Lecture 15 Slides-Example of a Project},
  author = {Raisa Feldman},
  year = {2023},
}